

@Article{
    mboostintro,
    title = {Model-based Boosting in {R}: A Hands-on Tutorial Using the {R} Package mboost},
    author = {Benjamin Hofner and Andreas Mayr and Nikolay Robinzonov and Matthias Schmid},
    journal = {Computational Statistics},
    year = {2014},
    volume = {29},
    pages = {3--35},
    url = "https://cran.r-project.org/web/packages/mboost/vignettes/mboost_tutorial.pdf",
    note = "[Online; accessed 1-July-2019]"
}

@book{
    nips03book,
    author    = {Isabelle Guyon and Steve Gunn an Masoud Nikravesh and Lofti Zadeh},
    title     = {Feature Selection: Foundations and Applications},
    publisher = "Springer",
    year      = 2006,
    note = "[Online; accessed 1-July-2019]",
    url = "http://www.causality.inf.ethz.ch/ciml/FeatureExtractionManuscript.pdf"
}


@misc{
    wiki:occam,
    author = "Wikipedia",
    title = "Occam's razor",
    year = "2019",
    url = "https://en.wikipedia.org/wiki/Occam\%27s_razor#Probability_theory_and_statistics",
    note = "[Online; accessed 1-July-2019]"
}


@misc{
    nips03workshop,
    author = "NIPS",
    title = "NIPS 2003 Feature Selection Workshop",
    year = "2003",
    url = "http://www.clopinet.com/isabelle/Projects/NIPS2003/",
    note = "[Online; accessed 1-July-2019]"
}

@inproceedings{xgboostcite,
 author = {Chen, Tianqi and Guestrin, Carlos},
 title = {{XGBoost}: A Scalable Tree Boosting System},
 booktitle = {Proceedings of the 22nd ACM SIGKDD International Conference on Knowledge Discovery and Data Mining},
 series = {KDD '16},
 year = {2016},
 isbn = {978-1-4503-4232-2},
 location = {San Francisco, California, USA},
 pages = {785--794},
 numpages = {10},
 url = {http://doi.acm.org/10.1145/2939672.2939785},
 doi = {10.1145/2939672.2939785},
 acmid = {2939785},
 publisher = {ACM},
 address = {New York, NY, USA},
 keywords = {large-scale machine learning},
}
